
@inproceedings{newson2009hidden,
  title={Hidden Markov map matching through noise and sparseness},
  author={Newson, Paul and Krumm, John},
  booktitle={Proceedings of the 17th ACM SIGSPATIAL international conference on advances in geographic information systems},
  pages={336--343},
  year={2009}
}
@inproceedings{chao2020survey,
  title={A survey on map-matching algorithms},
  author={Chao, Pingfu and Xu, Yehong and Hua, Wen and Zhou, Xiaofang},
  booktitle={Australasian Database Conference},
  pages={121--133},
  year={2020},
  organization={Springer}
}

@article{secondHMM1,
  title={An online map matching algorithm based on second-order hidden markov model},
  author={Fu, Xiao and Zhang, Jiaxu and Zhang, Yue},
  journal={Journal of Advanced Transportation},
  volume={2021},
  year={2021},
  publisher={Hindawi}
}

@article{secondHMM2,
  title={Using higher-order Markov models to reveal flow-based communities in networks},
  author={Salnikov, Vsevolod and Schaub, Michael T and Lambiotte, Renaud},
  journal={Scientific reports},
  volume={6},
  number={1},
  pages={1--13},
  year={2016},
  publisher={Nature Publishing Group}
}

@article{routechoice,
  title={Online map-matching of noisy and sparse location data with hidden Markov and route choice models},
  author={Jagadeesh, George R and Srikanthan, Thambipillai},
  journal={IEEE Transactions on Intelligent Transportation Systems},
  volume={18},
  number={9},
  pages={2423--2434},
  year={2017},
  publisher={IEEE}
}

%%%%%%%%%%%%%%%%%%%%%%%%%%%%%%%%%%%%%%%%%%%%%%
@article{sharma2019map,
  title={Map matching algorithm: curve simplification for Frechet distance computing and precise navigation on road network using RTKLIB},
  author={Sharma, Kanta Prasad and Pooniaa, Ramesh C and Sunda, Surendra},
  journal={Cluster Computing},
  volume={22},
  pages={13351--13359},
  year={2019},
  publisher={Springer}
}

@article{cui2021hidden,
  title={Hidden Markov map matching based on trajectory segmentation with heading homogeneity},
  author={Cui, Ge and Bian, Wentao and Wang, Xin},
  journal={GeoInformatica},
  volume={25},
  pages={179--206},
  year={2021},
  publisher={Springer}
}
@article{forney1973viterbi,
  title={The viterbi algorithm},
  author={Forney, G David},
  journal={Proceedings of the IEEE},
  volume={61},
  number={3},
  pages={268--278},
  year={1973},
  publisher={Ieee}
}

@article{saalfeld1999topologically,
  title={Topologically consistent line simplification with the Douglas-Peucker algorithm},
  author={Saalfeld, Alan},
  journal={Cartography and Geographic Information Science},
  volume={26},
  number={1},
  pages={7--18},
  year={1999},
  publisher={Taylor \& Francis}
}
%%%%%%%%%%%%%%%%%%%%%%%%%%%%%%%%%%%%%%%%%%%%%%
% featurebased 수정필요
@article{featurebased,
title = {Online Map-Matching of Noisy and Sparse Location Data With Hidden Markov and Route Choice Models},
author={
Yifang Yin, 
Rajiv Ratn Shah, 
Guanfeng Wang, 
Roger Zimmermann
 },
journal={ACM Transactions on Spatial Algorithms and Systems},
pages={1–24},
year= {2017},
volume = {4},
number = {4},
}

@inproceedings{reinforce,
  title={Map matching with inverse reinforcement learning.},
  author={Osogami, Takayuki and Raymond, Rudy},
  booktitle={IJCAI},
  pages={2547--2553},
  year={2013}
}

@inproceedings{dataset,
  title={Dataset for testing and training of map-matching algorithms},
  author={Kubi{\v{c}}ka, Mat{\v{e}}j and Cela, Arben and Moulin, Philippe and Mounier, Hugues and Niculescu, Silviu-Iulian},
  booktitle={2015 IEEE Intelligent Vehicles Symposium (IV)},
  pages={1088--1093},
  year={2015},
  organization={IEEE}
}

@article{quddus2007current,
  title={Current map-matching algorithms for transport applications: State-of-the art and future research directions},
  author={Quddus, Mohammed A and Ochieng, Washington Y and Noland, Robert B},
  journal={Transportation research part c: Emerging technologies},
  volume={15},
  number={5},
  pages={312--328},
  year={2007},
  publisher={Elsevier}
}

@article{wei2013map,
  title={Map matching by Fr{\'e}chet distance and global weight optimization},
  author={Wei, Hong and Wang, Yin and Forman, George and Zhu, Yanmin},
  journal={Technical Paper, Departement of Computer Science and Engineering},
  volume={19},
  year={2013},
  publisher={Citeseer}
}
@article{zhu2017trajectory,
  title={Trajectory segmentation map-matching approach for large-scale, high-resolution GPS data},
  author={Zhu, Lei and Holden, Jacob R and Gonder, Jeffrey D},
  journal={Transportation Research Record},
  volume={2645},
  number={1},
  pages={67--75},
  year={2017},
  publisher={SAGE Publications Sage CA: Los Angeles, CA}
}
@article{wang2016improved,
  title={An improved particle filter and its application to an INS/GPS integrated navigation system in a serious noisy scenario},
  author={Wang, Xuemei and Ni, Wenbo},
  journal={Measurement Science and Technology},
  volume={27},
  number={9},
  pages={095005},
  year={2016},
  publisher={IOP Publishing}
}

@inproceedings{bonnifait2009multi,
  title={Multi-hypothesis map-matching using particle filtering},
  author={Bonnifait, Philippe and Laneurit, Jean and Fouque, Cl{\'e}ment and Dherbomez, G{\'e}rald},
  booktitle={16th World Congress for ITS Systems and Services},
  pages={1--8},
  year={2009}
}

@article{taguchi2018online,
  title={Online map matching with route prediction},
  author={Taguchi, Shun and Koide, Satoshi and Yoshimura, Takayoshi},
  journal={IEEE Transactions on Intelligent Transportation Systems},
  volume={20},
  number={1},
  pages={338--347},
  year={2018},
  publisher={IEEE}
}

@article{quddus2015shortest,
  title={Shortest path and vehicle trajectory aided map-matching for low frequency GPS data},
  author={Quddus, Mohammed and Washington, Simon},
  journal={Transportation Research Part C: Emerging Technologies},
  volume={55},
  pages={328--339},
  year={2015},
  publisher={Elsevier}
}

@article{sharath2019dynamic,
  title={A dynamic two-dimensional (D2D) weight-based map-matching algorithm},
  author={Sharath, MN and Velaga, Nagendra R and Quddus, Mohammed A},
  journal={Transportation Research Part C: Emerging Technologies},
  volume={98},
  pages={409--432},
  year={2019},
  publisher={Elsevier}
}
@article{hunter2013path,
  title={The path inference filter: model-based low-latency map matching of probe vehicle data},
  author={Hunter, Timothy and Abbeel, Pieter and Bayen, Alexandre},
  journal={IEEE Transactions on Intelligent Transportation Systems},
  volume={15},
  number={2},
  pages={507--529},
  year={2013},
  publisher={IEEE}
}

@article{hu2016if,
  title={If-matching: Towards accurate map-matching with information fusion},
  author={Hu, Gang and Shao, Jie and Liu, Fenglin and Wang, Yuan and Shen, Heng Tao},
  journal={IEEE Transactions on Knowledge and Data Engineering},
  volume={29},
  number={1},
  pages={114--127},
  year={2016},
  publisher={IEEE}
}

@inproceedings{lou2009map,
  title={Map-matching for low-sampling-rate GPS trajectories},
  author={Lou, Yin and Zhang, Chengyang and Zheng, Yu and Xie, Xing and Wang, Wei and Huang, Yan},
  booktitle={Proceedings of the 17th ACM SIGSPATIAL international conference on advances in geographic information systems},
  pages={352--361},
  year={2009}
}

% external HMM
@inproceedings{song2012quick,
  title={Quick map matching using multi-core cpus},
  author={Song, Renchu and Lu, Wei and Sun, Weiwei and Huang, Yan and Chen, Chunan},
  booktitle={Proceedings of the 20th International Conference on Advances in Geographic Information Systems},
  pages={605--608},
  year={2012}
}

@article{atia2017low,
  title={A low-cost lane-determination system using GNSS/IMU fusion and HMM-based multistage map matching},
  author={Atia, Mohamed Maher and Hilal, Allaa R and Stellings, Clive and Hartwell, Eric and Toonstra, Jason and Miners, William B and Basir, Otman A},
  journal={IEEE Transactions on Intelligent Transportation Systems},
  volume={18},
  number={11},
  pages={3027--3037},
  year={2017},
  publisher={IEEE}
}

@article{mohamed2016accurate,
  title={Accurate real-time map matching for challenging environments},
  author={Mohamed, Reham and Aly, Heba and Youssef, Moustafa},
  journal={IEEE Transactions on Intelligent Transportation Systems},
  volume={18},
  number={4},
  pages={847--857},
  year={2016},
  publisher={IEEE}
}

% second order
@article{fu2021online,
  title={An online map matching algorithm based on second-order hidden markov model},
  author={Fu, Xiao and Zhang, Jiaxu and Zhang, Yue},
  journal={Journal of Advanced Transportation},
  volume={2021},
  year={2021},
  publisher={Hindawi}
}

@inproceedings{wang2013crowdatlas,
  title={Crowdatlas: Self-updating maps for cloud and personal use},
  author={Wang, Yin and Liu, Xuemei and Wei, Hong and Forman, George and Chen, Chao and Zhu, Yanmin},
  booktitle={Proceeding of the 11th annual international conference on Mobile systems, applications, and services},
  pages={27--40},
  year={2013}
}
@inproceedings{goh2012online,
  title={Online map-matching based on hidden markov model for real-time traffic sensing applications},
  author={Goh, Chong Yang and Dauwels, Justin and Mitrovic, Nikola and Asif, Muhammad Tayyab and Oran, Ali and Jaillet, Patrick},
  booktitle={2012 15th International IEEE Conference on Intelligent Transportation Systems},
  pages={776--781},
  year={2012},
  organization={IEEE}
}

@misc{gpserror,
  title = {{Official U.S. government information about the Global Positioning System (GPS) and related topics}},
  howpublished = {\url{https://www.gps.gov/systems/gps/performance/accuracy/}},
  year = {2022},
  note = "{Online, accessed 17-06-2023}"
}

@article{jiang2022driving,
  title={From driving trajectories to driving paths: a survey on map-matching algorithms},
  author={Jiang, Linli and Chen, Chaoxiong and Chen, Chao and Huang, Hongyu and Guo, Bin},
  journal={CCF Transactions on Pervasive Computing and Interaction},
  volume={4},
  number={3},
  pages={252--267},
  year={2022},
  publisher={Springer}
}

@article{hu2023amm,
  title={AMM: An Adaptive Online Map Matching Algorithm},
  author={Hu, Hanwen and Qian, Shiyou and Ouyang, Jingchao and Cao, Jian and Han, Han and Wang, Jie and Chen, Yirong},
  journal={IEEE Transactions on Intelligent Transportation Systems},
  year={2023},
  publisher={IEEE}
}

@article{elkholy2023radar,
  title={Radar/INS Integration and Map Matching for Land Vehicle Navigation in Urban Environments},
  author={Elkholy, Mohamed and Elsheikh, Mohamed and El-Sheimy, Naser},
  journal={Sensors},
  volume={23},
  number={11},
  pages={5119},
  year={2023},
  publisher={MDPI}
}